@article{tremblay2018dppcoreset,
  doi = {10.48550/ARXIV.1803.08700},
  url = {https://arxiv.org/abs/1803.08700},
  author = {Tremblay, Nicolas and Barthelm√©, Simon and Amblard, Pierre-Olivier},
  keywords = {Machine Learning (stat.ML), Data Structures and Algorithms (cs.DS), Machine Learning (cs.LG), FOS: Computer and information sciences, FOS: Computer and information sciences},
  title = {Determinantal Point Processes for Coresets},
  publisher = {arXiv},
  year = {2018},
  copyright = {arXiv.org perpetual, non-exclusive license}
}



@misc{bachem2017coresetML,
  doi = {10.48550/ARXIV.1703.06476},
  url = {https://arxiv.org/abs/1703.06476},
  author = {Bachem, Olivier and Lucic, Mario and Krause, Andreas},
  keywords = {Machine Learning (stat.ML), FOS: Computer and information sciences, FOS: Computer and information sciences},
  title = {Practical Coreset Constructions for Machine Learning},
  publisher = {arXiv},
  year = {2017},
  copyright = {arXiv.org perpetual, non-exclusive license}
}



@misc{zhang2017dppminibatch,
  doi = {10.48550/ARXIV.1705.00607},
  url = {https://arxiv.org/abs/1705.00607},
  author = {Zhang, Cheng and Kjellstrom, Hedvig and Mandt, Stephan},
  keywords = {Machine Learning (cs.LG), Machine Learning (stat.ML), FOS: Computer and information sciences, FOS: Computer and information sciences},
  title = {Determinantal Point Processes for Mini-Batch Diversification},
  publisher = {arXiv},
  year = {2017},
  copyright = {arXiv.org perpetual, non-exclusive license}
}



@article{bardenet2020mcdpp,
  TITLE = {{Monte Carlo with Determinantal Point Processes}},
  AUTHOR = {Bardenet, R{\'e}mi and Hardy, Adrien},
  URL = {https://hal.archives-ouvertes.fr/hal-01311263},
  JOURNAL = {{Annals of Applied Probability}},
  PUBLISHER = {{Institute of Mathematical Statistics (IMS)}},
  YEAR = {2020},
  PDF = {https://hal.archives-ouvertes.fr/hal-01311263/file/1605.00361v1.pdf},
  HAL_ID = {hal-01311263},
  HAL_VERSION = {v1},
}



@misc{bardenet2021sgddpp,
  doi = {10.48550/ARXIV.2112.06007},
  url = {https://arxiv.org/abs/2112.06007},
  author = {Bardenet, R{\'e}mi and Ghosh, Subhro and Lin, Meixia},
  keywords = {Machine Learning (stat.ML), Disordered Systems and Neural Networks (cond-mat.dis-nn), Machine Learning (cs.LG), Optimization and Control (math.OC), Probability (math.PR), FOS: Computer and information sciences, FOS: Computer and information sciences, FOS: Physical sciences, FOS: Physical sciences, FOS: Mathematics, FOS: Mathematics},
  title = {Determinantal point processes based on orthogonal polynomials for sampling minibatches in SGD},
  publisher = {arXiv},
  year = {2021},
  copyright = {Creative Commons Zero v1.0 Universal}
}



@misc{copenhaver2013diagramvectors,
  doi = {10.48550/ARXIV.1303.1159},
  
  url = {https://arxiv.org/abs/1303.1159},
  
  author = {Copenhaver, Martin S. and Kim, Yeon Hyang and Logan, Cortney and Mayfield, Kyanne and Narayan, Sivaram K. and Petro, Matthew J. and Sheperd, Jonathan},
  
  keywords = {Functional Analysis (math.FA), FOS: Mathematics, FOS: Mathematics, 42C15, 05B20, 15A03},
  
  title = {Diagram vectors and Tight Frame Scaling in Finite Dimensions},
  
  publisher = {arXiv},
  
  year = {2013},
  
  copyright = {arXiv.org perpetual, non-exclusive license}
}



@misc{braverman2016coresetsota,
  doi = {10.48550/ARXIV.1612.00889},
  
  url = {https://arxiv.org/abs/1612.00889},
  
  author = {Braverman, Vladimir and Feldman, Dan and Lang, Harry and Statman, Adiel and Zhou, Samson},
  
  keywords = {Data Structures and Algorithms (cs.DS), FOS: Computer and information sciences, FOS: Computer and information sciences},
  
  title = {New Frameworks for Offline and Streaming Coreset Constructions},
  
  publisher = {arXiv},
  
  year = {2016},
  
  copyright = {Creative Commons Attribution 4.0 International}
}



@misc{pemantle2011rayleighconcentration,
  doi = {10.48550/ARXIV.1108.0687},
  
  url = {https://arxiv.org/abs/1108.0687},
  
  author = {Pemantle, Robin and Peres, Yuval},
  
  keywords = {Probability (math.PR), FOS: Mathematics, FOS: Mathematics, 60G55, 60E15},
  
  title = {Concentration of Lipschitz functionals of determinantal and other strong Rayleigh measures},
  
  publisher = {arXiv},
  
  year = {2011},
  
  copyright = {arXiv.org perpetual, non-exclusive license}
}



@book {gautschi2004ope,
	title = {Orthogonal Polynomials: Computation and Approximation},
	booktitle = {Orthogonal Polynomials: Computation and Approximation},
	eprint = {https://www.cs.purdue.edu/homes/wxg/OPmatlab.pdf},
	institution = {Oxford},
	publisher = {Clarendon Press},
	series = {Numerical Mathematics and Scientific Computation},
	year = {2004},
	isbn = {0198506724},
	author = {Gautschi , Walter}
}